2365 2989
369 484 785 529 AGADEMIAE
837 486 1203 530 GEORGIAE
1258 487 1629 532 AUGUSTAE

813 561 930 597 PRO
942 562 1188 598 RECTOR

1593 656 1705 728 &a

662 771 838 808 CUM
916 774 1308 812 SENATU.

1492 671 1513 704 ³*

278 915 387 981 Quod
403 946 468 977 dixi
492 946 524 977 in
547 946 649 978 indice
672 947 850 979 scholarum
866 949 1058 980 aestivarum
1080 959 1109 980 a.
1134 949 1349 981 MDCCCLIX
1373 951 1554 982 etiamnunc
1577 949 1610 979 in
1632 947 1704 979 Pin-

276 990 345 1021 dari
364 990 557 1021 carminibus
581 990 666 1022 locos
690 991 776 1022 haud
801 1003 919 1032 paucos
943 993 1085 1031 inveniri,
1109 993 1162 1024 ubi
1185 994 1244 1024 viri
1267 993 1352 1025 docti
1376 997 1508 1034 propter
1530 991 1699 1023 verborum

275 1033 473 1074 corruptelas
496 1037 551 1065 aut
576 1037 757 1066 structurae
781 1035 1000 1066 difficultatem
1024 1036 1062 1067 de
1086 1039 1198 1076 poetae
1222 1038 1378 1068 sententia
1404 1037 1620 1077 ambigerent,
1645 1034 1704 1066 hac

276 1076 436 1108 scribendi
459 1077 624 1108 occasione
647 1079 693 1108 ita
715 1082 803 1116 utar,
828 1082 864 1110 ut
887 1079 1029 1120 exemplo
1053 1079 1209 1110 illustrem
1232 1083 1263 1111 et
1287 1080 1417 1111 doceam
1449 1084 1575 1112 exstare
1601 1079 1634 1109 in
1667 1088 1703 1109 eo

276 1123 372 1161 poeta
401 1130 526 1156 versus,
563 1132 697 1161 quorum
730 1122 807 1156 vim.
840 1122 914 1153 licet
950 1122 1060 1161 lectio⁷
1092 1123 1260 1154 verborum
1295 1124 1501 1164 significatio,
1540 1124 1704 1154 structura

274 1164 483 1205 grammatica
505 1164 748 1195 difficultatibus
772 1165 866 1197 nullis
896 1170 1095 1206 premantur,
1128 1167 1320 1207 interpretes
1351 1170 1459 1198 tamen
1491 1170 1547 1198 aut
1575 1165 1703 1197 omnino

273 1217 336 1238 non
359 1210 415 1238 aut
439 1218 476 1238 ex
506 1211 599 1248 parte
621 1211 746 1239 tantum
770 1210 907 1240 assecuti
931 1209 1004 1240 sint.
1051 1209 1172 1247 Quibus
1196 1210 1272 1241 locis
1296 1210 1406 1241 Isthm.
1436 1213 1461 1249 l,
1490 1213 1527 1241 10
1551 1209 1701 1240 adnume-

273 1250 408 1282 randum
432 1261 517 1288 esse,
542 1251 581 1282 de
604 1262 666 1291 quo
691 1252 722 1282 in
746 1252 858 1283 Philol.
883 1252 917 1283 T.
940 1252 1053 1288 XVIII,
1078 1263 1108 1293 p.
1133 1255 1194 1283 436
1219 1254 1285 1294 egi,
1310 1253 1407 1285 verbo
1431 1254 1590 1285 monuisse
1613 1251 1698 1283 suffi-

271 1294 351 1325 ciat:
381 1293 527 1334 pluribus
551 1294 590 1325 de
613 1295 762 1326 carminis
784 1295 908 1326 Isthmii
932 1296 1061 1327 secundi
1092 1297 1252 1336 prooemio
1283 1297 1447 1328 disseram.
1501 1297 1550 1328 Ibi
1578 1296 1699 1336 priscos

270 1340 381 1378 poetas
403 1337 550 1378 legimus,
576 1338 709 1369 simulac
731 1349 846 1379 pueros
869 1340 900 1370 in
926 1340 1042 1371 aetatis
1064 1339 1141 1371 flore
1167 1340 1357 1372 constitutos
1381 1343 1417 1371 ut
1439 1341 1606 1372 materiem
1630 1349 1698 1369 car-

270 1381 364 1412 minis
385 1381 607 1412 suavissimam
630 1382 715 1412 nacti
740 1386 861 1420 essent,
886 1382 969 1413 illico
994 1383 1136 1413 carmina
1158 1383 1309 1414 melliflua
1332 1383 1503 1415 iaculatos:

443 1422 474 1454 οἳ
495 1427 554 1465 μὲν
577 1424 695 1462 πάλαι,
721 1424 746 1455 ὦ
772 1425 997 1465 Θρασύβουλε,
1022 1428 1138 1467 φῶτες,
1163 1429 1197 1456 οἳ
1216 1426 1453 1467 χρυσαμπύκων

442 1467 475 1503 ἐς
498 1468 616 1508 δίφρον
640 1471 771 1499 Μοισᾶν
794 1470 924 1507 ἔβαινον
946 1468 1044 1508 κλυτᾷ
1068 1469 1217 1510 φόρμιγγι
1240 1470 1476 1510 συναντόμενοι,

443 1510 548 1552 ῥίμφα
570 1511 733 1549 παιδείους
753 1512 897 1549 ἐτόξευον
918 1512 1111 1552 μελιγάρυας
1134 1513 1269 1552 ὕμνους,

443 1555 526 1591 ὅστις
548 1554 610 1586 ἐών
633 1555 730 1591 καλὸς
750 1556 832 1594 εἶχεν
850 1555 1042 1595 ’Λφροδίτας

440 1597 602 1639 εὐθρόνου
625 1599 816 1639 μνάστειραν
839 1599 970 1630 ἁδίσταν
993 1598 1136 1638 ὀπώραν,

268 1640 335 1672 Iam
363 1651 438 1672 vero
460 1645 583 1673 veteres
605 1643 798 1682 interpretes
827 1653 897 1674 cum
929 1642 967 1674 de
998 1642 1143 1674 omnibus
1171 1642 1275 1683 poetis
1304 1642 1383 1674 haec
1413 1641 1476 1673 dici
1505 1651 1569 1672 non
1599 1650 1694 1681 posse

269 1684 362 1715 facile
384 1686 615 1725 perspicerent,
649 1685 822 1717 identidem
857 1686 1085 1726 quaesiverunt
1108 1686 1268 1726 quodnam
1291 1686 1396 1726 poesis
1420 1695 1535 1726 genus,
1567 1684 1697 1724 quinam

268 1730 383 1768 poetae
406 1727 537 1760 Pindari
568 1729 673 1760 animo
701 1740 771 1761 cum
794 1729 872 1760 haec
906 1729 1060 1760 scriberet
1089 1729 1250 1760 obversati
1274 1730 1349 1760 sint:
1385 1728 1519 1769 legimus
1551 1728 1634 1758 em'm
1664 1727 1697 1758 in

267 1771 396 1802 scholiis
419 1771 461 1802 ad
484 1783 528 1803 vs.
556 1774 586 1803 1:
615 1774 713 1802 ταῦτα
744 1772 779 1802 δὲ
802 1774 891 1803 τείνει
914 1776 966 1802 καὶ
995 1773 1039 1808 εἷς
1064 1773 1135 1808 τοὺς
1157 1775 1228 1813 περὶ
1250 1772 1398 1803 Ἀλκαῖον
1428 1773 1481 1801 καὶ
1498 1771 1619 1809 Ἴβυκον
1642 1773 1696 1800 καὶ

264 1813 476 1853 Ἀνακρέοντα
501 1818 553 1846 καὶ
575 1816 682 1851 εἴτινες
705 1816 799 1857 [adde
826 1815 928 1857 ἄλλοι]
960 1818 1022 1846 τῶν
1053 1817 1114 1853 πρὸ
1138 1814 1235 1846 αὐτοῦ
1259 1815 1386 1846 δοκοῦσι
1408 1818 1478 1854 περὶ
1500 1814 1536 1844 τοὶ
1560 1812 1695 1844 παιδικὰ

266 1857 483 1898 ἤσχολῆσθαιε
506 1869 588 1899 quae
611 1870 650 1890 ne
673 1862 857 1890 contemnas
879 1870 956 1890 neve
971 1859 1098 1890 aliunde
1121 1859 1181 1890 nisi
1197 1869 1214 1890 e
1229 1858 1330 1890 doctis
1353 1862 1495 1889 veterum
1508 1857 1695 1888 Alexandri-

266 1912 380 1932 norum
403 1903 640 1934 commentariis
663 1903 812 1934 traducta
833 1913 902 1933 esse
920 1903 980 1934 tibi
994 1902 1198 1943 persuadeas,
1221 1906 1332 1933 vetant
1352 1902 1466 1942 opinor
1481 1911 1562 1941 quae
1585 1899 1693 1931 scholl.

267 1944 307 1976 ad
331 1945 493 1985 Aristoph.
518 1945 708 1987 Thesmoph.
739 1948 798 1977 168
821 1946 957 1977 habent:
975 1946 1093 1985 Ἴβυκος
1118 1945 1134 1976 ὁ
1154 1946 1294 1986 Ῥηγῖνος
1317 1948 1370 1975 καὶ
1389 1944 1569 1984 Ἀνακρέων
1587 1943 1603 1973 ὁ
1628 1944 1694 1974 α’πὸ

271 1990 340 2018 Τέω
354 1991 407 2018 καὶ
427 1987 574 2025 Ἀλκαῖος
596 1988 613 2020 ὁ
626 1992 763 2028 Λέσβιος
783 1989 883 2030 μέλη
906 1989 1056 2029 ἔγραψαν
1074 1991 1153 2029 πρὸς
1169 1989 1280 2029 λύραν.
1325 1988 1447 2026 Quibus
1462 1987 1557 2019 adiici
1575 1987 1695 2027 poterit

269 2031 469 2063 Stesichorus
492 2032 533 2063 ab
557 2032 672 2064 Athen.
694 2033 779 2071 XIII,
803 2043 832 2073 p.
859 2035 918 2063 601
945 2034 972 2064 Α
995 2033 1078 2063 inter
1100 2033 1206 2073 poesis
1231 2033 1406 2063 amatoriae
1440 2034 1587 2063 auctores
1611 2030 1692 2061 rela-

266 2078 334 2106 tus:
358 2078 411 2105 καὶ
433 2077 619 2116 Στησίχορος
642 2076 671 2107 δ’
699 2077 739 2107 ου’
772 2082 901 2116 μετρίοις
930 2076 1075 2116 ἐρωτικὰς
1109 2076 1277 2115 γενόμενος
1312 2076 1474 2116 συνέστησε
1508 2076 1560 2103 καὶ
1584 2076 1694 2104 τοῦτον

266 2119 321 2149 τὸν
342 2118 459 2158 τρόπον
482 2122 544 2148 τῶν
567 2119 734 2158 ᾀσμάτων,
759 2120 780 2149 α’
805 2119 842 2159 δὴ
867 2123 917 2149 καὶ
940 2120 972 2149 τὸ
998 2118 1140 2149 παλαιόν
1160 2119 1302 2149 ἐκαλεῖτο
1325 2118 1457 2150 mandata
1481 2120 1533 2147 καὶ
1546 2116 1691 2153 παιδικά,

265 2162 321 2193 ubi
343 2161 475 2192 παιδεῒα
499 2172 536 2193 ex
558 2162 695 2194 Heckeri
719 2163 938 2194 emendatione
961 2163 1000 2204 [v.
1025 2162 1177 2203 Philolog.
1201 2162 1235 2193 T.
1252 2162 1289 2197 V,
1314 2173 1344 2202 p.
1360 2162 1435 2203 505]
1459 2171 1517 2201 pro
1541 2163 1693 2201 corrupta

267 2205 442 2237 editionum
463 2205 597 2237 lectione
621 2206 737 2237 παιδιά
760 2206 901 2237 exhibui:
926 2207 1022 2237 etiam
1045 2205 1220 2237 cantilenas
1243 2205 1414 2246 populares
1433 2204 1595 2235 addendas
1619 2214 1690 2234 cen-

267 2259 337 2287 seo,
362 2259 496 2289 quarum
520 2251 715 2289 argumentis
739 2250 792 2290 qui
814 2249 892 2280 fines
915 2250 1047 2289 antiquo
1070 2253 1213 2289 tempore
1235 2249 1402 2280 constituti
1431 2248 1549 2279 fuerint
1581 2257 1690 2287 quam-

265 2302 361 2333 quam
384 2303 442 2324 nos
465 2292 515 2323 vix
538 2303 707 2332 possumus
738 2293 919 2324 coniectura
951 2293 1118 2332 augurari,
1153 2293 1185 2323 in
1221 2296 1333 2323 nostra
1367 2295 1476 2323 tamen
1509 2300 1605 2321 causa
1636 2300 1690 2321 eas

264 2338 397 2376 propter
418 2335 617 2376 praeclaram
640 2337 727 2368 illam
752 2336 1005 2367 Chalcidensium
1029 2335 1263 2367 cantiunculam
1286 2338 1386 2367 testes
1420 2334 1572 2365 adhibere
1605 2333 1688 2369 licet,

264 2389 360 2419 quam
382 2378 544 2410 Plutarch.
568 2381 672 2412 Amat.
697 2391 721 2411 0.
740 2382 777 2410 17
801 2379 953 2418 servavit,
977 2380 1010 2410 in
1033 2379 1175 2410 ordinem
1198 2379 1353 2420 Bergkius
1377 2378 1499 2419 redegit
1512 2377 1686 2418 Poet.Lyr.

264 2421 320 2453 Gr.
344 2433 374 2463 p.
402 2425 493 2461 1036,
518 2433 548 2453 n.
574 2426 626 2455 32:

1362 2477 1403 2508 l*

2348 0 2365 123 „-.—.„-'
