2365 2989
910 300 1167 340 ..5---

322 413 471 450 θαλετς
493 414 695 453 στέφανοι.
739 413 827 445 Haec
850 413 889 445 de
907 414 1054 446 lectione:
1079 426 1162 446 nunc
1175 415 1366 446 sententiam
1379 413 1590 455 exploremus.
1638 415 1748 446 Atton-

322 457 460 489 dendum
484 460 532 488 est
557 456 597 488 ad
620 467 667 488 vv.
692 455 712 487 ἃ
738 459 891 488 Μοῖσαι
913 457 991 489 haec
1015 458 1097 489 enim
1121 469 1184 489 non
1207 468 1278 489 cum
1302 457 1430 489 scholiis
1454 457 1493 488 de
1514 456 1606 488 Musa
1628 458 1659 489 in
1682 459 1750 489 uni-

322 511 460 539 versum,
486 499 558 538 sed,
584 510 655 531 cum
679 510 717 531 ex
739 511 799 531 usu
822 500 905 541 apud
930 501 1103 533 Pindarum
1126 502 1253 542 saepius
1277 501 1369 532 obvio
1394 500 1548 532 articulus
1571 501 1751 532 nominibus

323 545 463 585 propriis
487 543 681 584 praemissus
705 543 955 576 demonstrativa
978 545 1006 576 vi
1030 544 1196 586 praeditus
1220 545 1279 583 sit,
1303 555 1330 575 v.
1354 543 1464 576 Isthm.
1489 543 1525 581 V,
1554 546 1591 574 16
1615 547 1647 575 et
1671 554 1753 585 quae

323 587 419 628 Tych.
443 587 627 618 Mommsen.
651 586 684 617 in
707 586 839 618 Ritschl.
865 590 897 618 et
919 587 1038 619 Welck.
1063 587 1142 619 Mus.
1169 587 1266 619 Rhen.
1291 587 1326 618 T.
1352 588 1403 626 IV,
1427 598 1457 628 p.
1481 589 1539 617 561
1566 587 1751 628 disputavit⁷

324 631 362 662 de
387 641 425 662 ea
448 630 540 662 Musa
563 629 664 670 accipi
688 629 816 666 debent,
840 641 922 671 quae
946 641 1054 663 eorum
1078 632 1271 669 carminum,
1295 641 1378 672 quae
1401 630 1495 662 modo
1510 634 1753 662 commemorata

325 677 416 713 sunt,
441 684 549 705 curam
574 673 731 713 suscepit3
755 673 831 704 dicit
854 674 951 714 igitur
975 674 1145 706 Pindarus:
1174 674 1320 706 haecce
1342 674 1452 705 Musa
1476 674 1758 705 mercennaria

325 721 419 750 tunc
442 728 518 748 11011
544 719 647 754 erat,
681 726 719 747 ea
742 716 878 755 scilicet,
913 728 996 758 quae
1029 717 1222 749 carminibus
1252 718 1285 748 in
1314 728 1429 758 pueros
1460 716 1625 748 excellenti
1654 717 1758 748 forma

325 761 453 802 scriptis
477 762 635 801 praeerat.
679 759 781 791 Huius
805 760 915 792 Musae
939 772 1020 801 quae
1043 762 1185 792 carmina
1208 764 1239 792 et
1263 761 1317 801 qui
1340 763 1454 801 poetae
1478 764 1582 791 essent
1606 763 1641 791 ut
1665 771 1756 791 aecu-

326 805 429 836 ratius
460 803 671 844 significetur,
707 813 815 835 versus
840 804 993 843 septimus
1023 804 1187 836 adiicitur:
1220 814 1344 845 neque
1374 804 1494 835 etiam
1525 804 1570 835 ab
1604 803 1758 844 Terpsi-

326 847 448 879 chora
471 849 612 877 cantus
635 845 772 877 dulces
795 847 1096 879 vendebantur:
1135 847 1344 888 Terpsichore
1375 851 1496 882 autem.
1530 847 1619 878 cuius
1653 847 1758 878 locum

327 891 412 932 apud
436 890 619 922 Alcmanem
640 888 782 930 Calliope
805 893 948 930 occupat,
972 890 1186 931 v.Hephaest.
1211 903 1245 922 π.
1268 895 1349 930 μέτρ.
1372 890 1396 927 Ι
1420 893 1503 931 p.44
1527 890 1641 928 Gaisf.,
1664 890 1702 921 fr.
1719 892 1760 919 36

327 934 462 973 Bergk..
488 932 668 964 Stesichore
691 933 723 963 in
746 933 903 973 Eigotimi
926 937 958 965 et
983 933 1078 975 Clytii
1099 934 1244 969 vasculo
1269 945 1296 965 v.
1318 917 1473 965 Gerhard.
1499 934 1567 965 Act.
1592 933 1758 964 Archaeol.

328 978 362 1009 ’“.1
387 977 470 1014 VIII
502 979 592 1011 1850
617 986 646 1016 p.
672 978 744 1009 261
767 976 834 1007 tab.
858 977 972 1008 XXIII.
999 977 1110 1016 XXIV
1135 988 1206 1009 cum
1229 978 1405 1009 carminum
1420 977 1617 1008 choricorum
1641 987 1759 1017 parens

330 1024 363 1053 et
387 1023 525 1061 pat10na
549 1020 591 1051 sit
624 1019 717 1060 <Pht
750 1019 884 1051 Phaedr.
909 1031 939 1061 p.
965 1022 1026 1053 259
1052 1020 1107 1061 C),
1146 1024 1177 1052 et
1210 1021 1336 1052 nomine
1364 1024 1395 1052 et
1425 1031 1555 1051 munere
1587 1019 1759 1068 phudmum

329 1064 429 1095 distat
460 1063 501 1094 ab
525 1074 562 1094 ea
591 1072 671 1103 quae
696 1063 898 1094 antecedenti
920 1074 1026 1102 versu,
1059 1067 1095 1095 ut
1127 1075 1224 1104 supra
1251 1063 1466 1096 ostendimus
1498 1063 1608 1094 Musae
1634 1063 1764 1095 nomine

328 1110 541 1147 nuncupatur,
566 1116 629 1146 quo
653 1106 749 1137 etiam
773 1107 818 1141 fit,
842 1110 877 1138 ut
901 1108 1043 1138 carmina
1065 1107 1176 1138 Musae
1199 1108 1374 1139 amatoriae
1396 1107 1437 1138 ab
1461 1107 1515 1145 iis,
1540 1117 1620 1147 quae
1635 1106 1762 1147 Terpsi-

330 1151 441 1183 chores
464 1150 591 1181 numine
615 1149 769 1187 eduntur,
806 1149 988 1191 longissime
1018 1151 1197 1191 discrepare
1222 1150 1374 1188 debeant,
1407 1153 1438 1181 et
1470 1151 1516 1181 ita
1545 1150 1689 1190 quidem,
1725 1152 1765 1180 ut

329 1194 495 1234 magnifico
525 1192 613 1224 chori
643 1202 716 1232 app
719 1196 800 1223 natu
829 1197 861 1224 et
893 1193 1006 1225 decore
1037 1198 1177 1225 careant.
1232 1194 1345 1234 Itaque
1377 1204 1449 1224 011111
1477 1203 1574 1233 supra
1595 1193 1634 1224 de
1657 1194 1763 1234 poetis

331 1219 583 1287 quaerebamus,
608 1246 688 1276 quos
712 1236 846 1276 stiopha
869 1237 973 1276 prima
995 1240 1092 1277 poeta
1114 1238 1321 1277 respexisset
1358 1237 1531 1278 quaerendi
1564 1240 1657 1268 erant
1680 1236 1761 1267 1111111

330 1281 392 1312 11181
416 1281 470 1321 qui
494 1279 637 1311 carmina
661 1278 748 1310 chori
773 1282 889 1310 olnatu
913 1280 1071 1312 destituta
1101 1277 1367 1321 composuissent:
1406 1290 1500 1321 ergo,
1536 1290 1607 1311 cum
1635 1283 1762 1311 veteres

332 1323 555 1361 Alexandrini
589 1323 643 1363 qui
667 1323 698 1353 in
722 1322 882 1354 Pindarici
904 1323 965 1355 loci
988 1325 1149 1356 sententia
1171 1323 1239 1355 falli
1270 1334 1334 1355 non
1365 1326 1558 1364 potuerunt,
1593 1323 1756 1358 Alcaeum

330 1368 474 1409 Ibycum,
498 1366 577 1398 alios
600 1365 662 1396 huc
684 1367 915 1404 revocaverint,
940 1366 1054 1398 horum
1077 1367 1218 1399 carmina
1241 1367 1397 1399 amatoria
1419 1366 1546 1398 chorica
1575 1377 1638 1398 11011
1660 1366 1759 1398 fuisse

333 1422 391 1452 pio
415 1413 576 1459 comperto
601 1419 654 1440 eos
677 1408 827 1440 habuisse
851 1414 964 1450 sponte
986 1414 1130 1460 apparet.
1188 1410 1276 1448 Quae
1306 1411 1332 1442 si
1362 1413 1448 1441 recte
1479 1410 1643 1450 disputata
1673 1412 1758 1442 sunt.

332 1455 453 1487 corruit
474 1454 534 1485 nisi
555 1452 648 1484 1111101·
671 1452 703 1483 id
727 1452 811 1493 quod
835 1453 1118 1493 Welckerus,vi1
1150 1454 1189 1485 de
1212 1454 1318 1494 poesis
1342 1453 1484 1485 Graecae
1514 1452 1646 1484 historia
1668 1453 1763 1484 meri-

331 1499 489 1535 tissimus,
513 1507 551 1528 ex
573 1495 633 1527 1100
653 1495 784 1527 Pindari
805 1495 874 1528 loco
898 1497 1040 1538 collegit,
1064 1500 1167 1529 totam
1187 1497 1274 1538 Ibyci
1297 1497 1407 1538 poesin
1430 1497 1618 1527 amatoriam
1641 1499 1674 1528 et
1689 1496 1763 1527 cho·

332 1542 431 1573 ricam
453 1541 567 1573 fuisse.
591 1551 619 1570 v.
645 1539 712 1570 eius
736 1538 850 1580 Script.
879 1541 992 1572 minor.
1017 1541 1052 1572 T.
1076 1541 1099 1579 Ι,
1123 1551 1154 1581 p.
1179 1543 1254 1571 228:
1284 1540 1344 1572 hoc
1375 1540 1580 1571 reficiendum
1613 1550 1682 1571 esse
1717 1540 1762 1570 vi-

333 1585 426 1616 derat
451 1583 578 1624 quidem
601 1583 665 1613 iam
689 1581 943 1615 Schneidewinus
976 1584 1009 1615 in
1032 1594 1166 1616 censura
1188 1583 1276 1615 Diar.
1302 1584 1428 1615 Jenens.
1453 1593 1481 1614 a.
1504 1582 1759 1621 MDCCGXLVI,

332 1629 388 1660 Nr.
412 1630 474 1659 290
498 1628 636 1664 inserta,
661 1625 717 1657 sed
741 1636 812 1657 011111
835 1630 867 1657 et
889 1627 955 1667 ipse
968 1627 1128 1659 Pindarici
1141 1627 1202 1658 loci
1217 1628 1373 1659 rationem
1384 1637 1448 1658 non
1459 1627 1539 1658 satis
1552 1629 1757 1667 perspectam

332 1672 475 1709 haberet,
498 1680 623 1701 omnem
647 1668 685 1700 de
709 1669 867 1700 Welckeri
888 1671 1046 1702 sententia
1077 1670 1259 1711 scrupulum
1294 1681 1357 1701 non
1388 1670 1514 1701 exemit.
1568 1669 1656 1707 Quae
1690 1680 1761 1700 cum

333 1716 380 1747 ita
402 1715 480 1746 sint.
514 1716 610 1754 poeta
633 1711 728 1743 dixit:
762 1713 894 1753 antiquo
927 1718 1070 1754 tempore
1104 1724 1206 1754 neque
1230 1715 1405 1744 carminum
1435 1713 1664 1744 amatoriorum
1692 1713 1763 1743 sine

333 1759 429 1790 choro
453 1756 667 1788 canendorum
690 1759 836 1787 auctmes
859 1767 961 1797 neque
985 1757 1101 1788 01101101
1124 1761 1238 1798 poetae
1261 1767 1360 1797 prava
1383 1756 1463 1788 lucri
1496 1756 1643 1796 cupidine
1673 1755 1761 1787 ducti

334 1802 476 1833 calmina
499 1800 704 1840 pepigelunt:
727 1802 759 1831 et
781 1799 826 1830 810
848 1799 980 1832 laudata
1002 1801 1179 1842 priscorum
1201 1804 1380 1841 temporum
1403 1800 1521 1831 virtute
1544 1799 1586 1830 ad
1609 1809 1686 1830 suae
1709 1809 1763 1830 ae—

333 1846 412 1878 tatis
433 1854 538 1875 mores
563 1841 720 1874 notandos
744 1843 873 1873 transit.

466 1889 523 1917 νῦν
547 1885 577 1915 δ’
598 1885 701 1926 εφίηιι
724 1886 757 1916 τὸ
780 1885 927 1925 τώργείου
951 1885 1094 1927 ([υλοίξαι

825 1929 837 1937 ν

392 1934 440 1963 10.
463 1929 533 1971 ῥῆμ’
554 1928 715 1964 ἀλαθείας
736 1929 752 1947 *
775 1930 791 1947 *
815 1938 945 1968 αγχιστα
967 1931 1098 1968 βαῖνον,

461 2015 622 2056 χρήματα,
645 2013 775 2055 χρήματ’
795 2014 891 2056 ἀνήρ,
915 2015 950 2051 ὃς
972 2017 1021 2055 φᾶ
1044 2014 1182 2045 κτεάνων
1206 2014 1300 2053 θαμὰ
1323 2013 1468 2054 λειφθεὶς
1491 2016 1543 2043 καὶ
1566 2013 1680 2054 φίλων.

465 2060 531 2090 ἐσσὶ
553 2070 612 2098 γαρ
637 2057 681 2088 ὦν
705 2058 820 2098 σοφός·
843 2057 900 2089 οὐκ
924 2057 1035 2096 α’γνιῦθ
1056 2057 1153 2088 αέίδω

459 2102 606 2142 Ἰσθμίαν
629 2104 755 2132 ἵπποισι
778 2104 885 2138 νίκαν,

466 2149 524 2176 τὰν
544 2144 732 2186 Ξενοκράτει
755 2145 944 2175 Ποσειδάων
967 2143 1105 2178 ὀπάσαις
1128 2142 1190 2173 κτλ.

336 2189 498 2221 Lacunam
521 2200 565 2220 is.
594 2191 631 2220 10
655 2188 773 2228 optime
797 2187 834 2219 G.
858 2188 1059 2219 Hermannus
1083 2196 1156 2217 voce
1179 2185 1265 2216 ὁδῶν
1288 2185 1436 2226 explent:
1459 2185 1523 2217 alia
1547 2185 1675 2226 quidem
1688 2189 1763 2226 post

337 2244 409 2265 eum
432 2236 555 2264 tentata
579 2235 668 2269 sunt
700 2231 757 2262 sed
778 2231 878 2263 invita
900 2235 936 2263 ut
960 2231 1087 2262 videtui
1108 2229 1210 2260 Musa.
1264 2228 1326 2260 Sed
1358 2240 1508 2269 qUOlSum
1540 2240 1623 2260 nunc
1657 2229 1762 2260 tendit

337 2276 454 2317 poeta?
498 2276 531 2307 Si
554 2275 758 2307 scholiastam
782 2275 942 2309 audimus.
967 2275 1005 2306 de
1028 2272 1170 2304 mercede
1193 2283 1212 2304 a
1234 2272 1412 2304 Xenocrate
1435 2272 1591 2313 denegata
1603 2273 1762 2313 queritur:

338 2319 452 2351 Scholl.
476 2319 517 2351 ad
538 2319 698 2358 inscript:
724 2318 953 2358 Καλλίστρατος
975 2318 1011 2348 δέ
1034 2324 1109 2357 φησι
1138 2318 1192 2346 τὸν
1214 2315 1380 2356 Πίνδαρον
1401 2316 1442 2355 μὴ
1466 2315 1596 2353 τυχόντα
1618 2317 1672 2346 τοῦ
1696 2314 1763 2345 κατ’

337 2362 433 2400 ἀξίαν
454 2364 576 2403 μισθοῦ
599 2361 656 2392 dui
678 2371 748 2392 τινα
769 2362 976 2402 μικρολογίαν
1004 2363 1058 2391 τοῦ
1088 2359 1321 2398 Ξενοκράτους,
1352 2358 1640 2399 πρθςδιαλένεσθαι
1671 2359 1764 2399 &Qa-
