2365 2989
1157 340 1204 344 -.β
1271 313 1418 354 6.-

571 429 716 470 ,ῃβοιΐλω
738 431 779 468 τῷ
802 427 859 466 υἱῷ
882 425 996 463 αι’-τοῦ,
1027 428 1080 457 καὶ
1109 425 1166 457 οιῖκ
1196 427 1240 462 εἰς
1270 425 1488 466 Ξενοκράτην,
1520 425 1610 466 φησί,
1643 425 1782 464 γέγραφε
1809 425 1865 467 τήν
1895 424 1992 467 ᾠδήν,

572 473 641 504 ἀλλ’
663 463 707 510 εἰς’·
732 469 969 512 Θρασίβουλον.
1023 472 1076 500 καῖ
1101 471 1162 509 γάρ
1185 470 1204 511 ἡ
1232 469 1355 510 εἰςβολὴ
1385 473 1456 509 περὶ
1480 467 1632 508 ἀργυρίου
1661 467 1816 507 μέμψεώς
1843 468 1926 499 ἐστιν
1948 469 1993 505 ὥς

571 517 721 553 θέλοντος
745 514 842 545 athos*
872 513 924 544 τὸν
946 511 1010 543 κατ’
1033 512 1128 550 α’ξίαν
1149 514 1270 552 μισθὸν
1291 514 1508 551 nantoacum.-
1530 511 1573 543 id.
1597 510 1639 542 ad
1662 522 1706 542 vs.
1735 513 1764 541 l:
1788 510 1991 552 ἐξειργάσατο

571 561 606 591 δὲ
628 560 661 591 τὸ
685 560 851 599 προοίμιον
873 555 890 586 ὁ
915 555 1076 595 Πίνδαρος
1098 555 1217 593 πάλαι,
1251 555 1352 597 ἑαυτῷ
1382 558 1435 596 τῆς
1463 556 1518 585 τοῦ
1550 553 1696 585 ἔπινίκου
1723 556 1850 595 γραφῆς
1870 556 1992 594 μισθὸν

572 602 784 643 ποριζόμενος.
837 601 911 640 φησὶ
934 599 985 635 δὲ,
1021 599 1067 629 ὅτι
1090 600 1152 629 τῶν
1182 599 1319 638 λυρικῶν
1342 596 1373 629 οἱ
1395 597 1508 629 πολλοὶ
1529 596 1647 637 α’μισθῖ
1669 598 1749 636 πρὸς
1771 598 1808 628 τὰ
1831 597 1914 628 καλὰ
1937 598 1992 639 τὴν

571 646 712 686 σπουδὴν
734 645 833 683 εἶχον,
867 643 917 672 ἐπὶ
941 642 975 672 δὲ
1008 645 1062 673 τοῦ
1085 642 1242 680 παρόντος
1263 641 1414 681 ἀργυρίου
1440 640 1650 680 πιπράσκεται
1671 642 1709 670 τὰ
1733 639 1912 681 ποιήματαε
1948 641 1990 672 id.

572 690 611 721 nd
636 701 679 722 vs.
708 691 757 719 19:
779 686 861 717 ἐσσὶ
883 686 956 724 γάρ
979 683 1028 716 ὦν
1051 685 1190 727 σοφός]
1215 686 1312 715 ταῦτα
1336 683 1366 716 οἱ
1387 687 1459 723 περὶ
1487 683 1721 723 Καλλίστρατον
1744 689 1903 724 συνεργεῖν
1925 695 1991 724 φα-

570 742 620 764 σ,μ
641 732 776 766 ἑαυτοῖς·
801 730 942 769 φανερὸν
962 729 1023 769 γάρ
1047 729 1089 764 ὠς
1109 729 1231 768 μισθὸν
1254 728 1352 758 αἰτῶν
1373 729 1427 760 τὸν
1443 726 1674 768 Θρασύβουλον
1696 726 1732 758 τό
1744 738 1775 758 π
1788 726 1992 768 ἀπόφθεγμα

571 775 740 816 προήνεγκε
763 774 795 803 τὸ
819 775 887 810 περὶ
908 773 970 802 τῶν
991 771 1158 812 χρημάτων
1180 774 1234 802 καὶ
1258 771 1490 811 προςεπιλέγει·
1513 769 1585 802 οὐκ
1607 769 1748 808 ἀγνῶτ’
1771 769 1913 801 αἐίδω·
1937 779 1991 801 σο-

571 820 632 860 ‘1¹⁵3
653 822 713 857 γάρ
736 816 765 847 εἶ
786 817 838 845 καὶ
861 814 1002 856 συνήσεις
1025 815 1104 855 πρὸς
1125 816 1152 845 τί
1173 817 1271 845 ταῦτα
1297 815 1434 856 εἴρηταιι
1469 823 1551 855 quae
1573 813 1765 845 refutatione
1798 824 1861 845 non
1884 816 1991 854 egent;

569 862 648 894 adeo
671 863 744 892 sunt
767 857 914 890 absurda.
962 857 1095 889 Meliora
1116 858 1285 899 proposuit
1312 857 1466 890 Dissenus
1490 857 1530 889 ad
1552 856 1583 888 h.
1607 856 1627 888 l.
1661 867 1692 898 p.
1717 858 1779 888 538
1810 856 1858 889 ed.
1884 856 1991 895 Goth„

570 904 652 936 unde
674 903 749 935 haec
781 900 976 933 transcribo:
1014 902 1232 942 Thrasybulus
1256 905 1332 942 post
1362 905 1495 933 mortem
1524 901 1636 941 patris
1667 900 1808 940 epinicia
1837 901 1991 932 victoriae

571 948 720 979 Isthmiae
744 945 956 977 celebraturus
983 946 1233 985 siqnificaverat,
1268 945 1378 983 credo,
1417 944 1563 976 Pindaro
1594 946 1724 985 yratum
1749 944 1811 975 sibi
1837 945 1924 984 fore,
1962 944 1992 975 si

570 1002 694 1023 carmen
717 989 756 1021 ab
779 999 812 1020 eo
834 987 976 1025 baberet;
1009 988 1094 1028 quod
1116 999 1212 1028 quum
1232 989 1316 1028 forte
1339 988 1474 1020 dilatum
1497 990 1593 1026 esset,
1628 987 1794 1019 Pindarus
1816 987 1884 1018 alia
1906 986 1991 1018 Isth-

568 1034 687 1069 miade,
717 1034 827 1063 iterum.
850 1031 996 1062 redeunte
1020 1032 1229 1071 epiniciorum
1251 1035 1405 1071 tempore,
1447 1031 1504 1062 hoc
1533 1040 1658 1062 carmen
1684 1041 1747 1070 per
1776 1030 1992 1070 Nicasippum

569 1077 758 1113 transmisit,
782 1084 936 1106 excusans
957 1085 990 1105 se
1012 1075 1046 1106 in
1068 1075 1151 1106 hunc
1184 1075 1327 1106 modum:
1367 1075 1470 1106 Olim
1488 1077 1636 1114 poetae
1667 1083 1827 1106 currum
1859 1074 1990 1105 Musa-

568 1131 652 1152 rum
689 1118 998 1150 conscendentes
1024 1122 1216 1158 prompte
1240 1119 1430 1158 pueriles
1463 1117 1665 1149 canebant
1704 1117 1888 1157 hymnos,
1924 1116 1991 1148 ubi

567 1164 657 1204 quis
676 1164 883 1202 formosus
905 1171 1029 1193 annos
1051 1161 1216 1193 habebat
1238 1162 1369 1193 amori
1391 1164 1522 1201 aptos,
1545 1171 1671 1200 neque
1689 1160 1789 1191 enim
1805 1163 1884 1192 tum
1899 1170 1990 1191 mer-

568 1206 732 1238 eruat-ia
753 1205 872 1236 Musa
895 1208 993 1243 erat;
1016 1215 1118 1236 nunc
1141 1215 1234 1236 vero
1257 1205 1371 1236 iubet
1393 1204 1542 1245 Argivi
1563 1203 1736 1235 hominis
1765 1213 1896 1235 vocem
1929 1203 1990 1235 ob-

567 1249 727 1281 serrari
752 1251 934 1287 tanquam
956 1248 1228 1287 verissimam,
1260 1248 1411 1279 nummi
1439 1247 1561 1287 homo,
1594 1247 1665 1287 qui
1687 1246 1820 1278 dixit:
1843 1245 1874 1278 h.
1897 1256 1926 1278 e.
1950 1249 1991 1278 at

569 1303 667 1324 nunc
688 1294 910 1332 postquam
940 1292 1057 1323 Musa
1084 1291 1340 1323 Aristodemi
1373 1291 1524 1323 dictum
1551 1290 1762 1331 probavit,
1797 1300 1877 1322 non
1909 1290 1991 1321 iam

569 1337 828 1374 Iit-etscmper
846 1337 1034 1374 prompte
1056 1335 1264 1366 amicitiae
1280 1334 1453 1374 obsequi,
1477 1334 1545 1366 ubi
1561 1334 1697 1374 pactis
1717 1333 1989 1372 obediendum,

568 1390 678 1419 quum
713 1378 802 1409 olim
833 1378 956 1409 nullis
993 1378 1219 1410 huiusmodi
1253 1378 1582 1418 obliyationibus
1615 1377 1806 1409 obstricti
1841 1379 1986 1417 poetae

568 1422 678 1453 illud
696 1424 880 1461 prompte
903 1425 1176 1461 sequerentur,
1201 1431 1276 1462 quo
1300 1421 1469 1453 duceret
1492 1431 1610 1453 amor.
1666 1420 1720 1452 Sic
1752 1430 1816 1452 non
1842 1420 1990 1460 postulat

566 1466 743 1502 mcv-cedem,
768 1464 850 1504 quod
871 1465 1116 1504 imptissimum,
1146 1465 1201 1496 sed
1222 1464 1331 1496 ridens
1362 1465 1505 1496 suaviter
1526 1465 1660 1496 Musam
1681 1464 1910 1495 mercenariam
1934 1474 1988 1495 ex-

568 1512 655 1540 cusa!
678 1508 828 1539 carminis
850 1508 1034 1539 dilationem
1057 1518 1109 1547 eo,
1132 1508 1232 1548 quod,
1256 1518 1354 1547 opera
1377 1511 1449 1539 aute
1470 1508 1575 1540 locata
1597 1507 1681 1547 aliis,
1706 1517 1769 1539 non
1791 1507 1899 1538 statim
1917 1507 1987 1547 offi-

570 1553 650 1584 cium
673 1555 836 1591 praestare
853 1552 996 1590 potuerit
1022 1551 1226 1592 Thrasybulo.
1272 1550 1334 1582 Sed
1357 1554 1393 1582 ut
1415 1550 1477 1583 alia
1500 1552 1658 1590 omittam,
1683 1561 1777 1592 quem
1799 1560 1926 1582 suavem
1946 1550 1988 1582 ri-

569 1606 636 1625 sum
662 1594 811 1625 Dissenus
834 1594 919 1632 dicit,
944 1605 1015 1625 eum
1037 1594 1167 1626 ubinam
1178 1594 1356 1635 prodiderit
1369 1598 1474 1635 poeta,
1499 1606 1557 1637 ego
1567 1595 1707 1627 nondum
1717 1593 1871 1635 indagare
1887 1593 1986 1634 potui.

568 1638 730 1676 Quomodo
754 1637 802 1669 his
825 1637 928 1669 verbis
952 1637 1142 1679 Thrasybuli
1166 1638 1306 1669 animum
1339 1638 1459 1670 afficiat
1481 1639 1667 1680 reficiatque
1690 1641 1801 1679 poeta,
1836 1640 1905 1669 tum
1934 1637 1986 1668 de·

569 1693 652 1713 mum
676 1681 896 1720 intelligemus,
920 1681 975 1713 ubi
999 1682 1101 1722 qualis
1127 1681 1316 1722 Thrasybuli
1339 1681 1436 1713 fuerit
1458 1693 1495 1714 eo
1518 1685 1662 1723 tempore
1685 1692 1748 1723 quo
1771 1691 1899 1712 carmen
1911 1681 1986 1712 scri·

569 1729 655 1765 ptum
680 1728 728 1755 ost
750 1725 832 1756 vitae
855 1725 1003 1762 conditio,
1028 1725 1276 1756 meminerimus:
1311 1725 1384 1756 inde
1406 1725 1447 1757 ab
1475 1736 1512 1757 eo
1534 1729 1677 1766 tempore
1700 1736 1763 1766 quo
1787 1723 1986 1756 Emmenida-

571 1779 638 1799 rum
663 1767 810 1798 familiam
835 1768 1032 1809 Agrigentini
1056 1768 1224 1809 tyrannide
1247 1767 1444 1808 depulerant,
1468 1768 1685 1810 Thrasybulus
1708 1779 1728 1799 a
1750 1767 1915 1808 republica
1937 1777 1987 1799 re-

569 1815 671 1842 motus
694 1811 865 1842 amicorum
889 1811 1054 1852 perfidiam
1077 1815 1108 1842 et
1128 1812 1319 1852 pravitatem
1341 1811 1504 1843 hominum
1525 1812 1660 1844 avaritia
1671 1811 1852 1843 ardentium
1873 1821 1987 1852 cogno-

569 1859 666 1885 verat:
691 1854 789 1894 iniqui
812 1855 909 1893 igitur
930 1854 1024 1886 huius
1048 1865 1154 1886 rerum
1177 1858 1281 1886 status
1305 1865 1470 1887 censuram
1493 1855 1653 1896 quandam
1676 1855 1708 1886 in
1724 1854 1986 1886 antecedentibus

567 1902 668 1928 artum
692 1897 785 1937 inque
808 1908 845 1928 ea
868 1901 1003 1929 mentem
1024 1901 1128 1929 totum
1151 1908 1208 1938 per
1230 1899 1426 1939 prooemium
1449 1898 1585 1930 defixam
1607 1899 1704 1930 fuisse
1727 1898 1831 1929 verbis
1848 1897 1986 1938 ἐσσὶγάρ

569 1939 613 1970 ὠν
636 1941 749 1979 σοφός,
782 1941 801 1971 i.
826 1951 852 1971 e.
876 1941 1086 1981 intelligis
1108 1941 1204 1982 quid
1240 1941 1380 1973 verbis
1403 1942 1498 1974 meis
1520 1942 1673 1980 subsit,
1707 1944 1802 1982 poeta
1831 1941 1985 1979 declarat,

567 1984 613 2014 ita
636 1987 669 2014 ut
698 1984 795 2014 totius
818 1985 969 2024 prooemii
993 1995 1118 2015 sensum
1142 1984 1224 2015 hunc
1247 1984 1312 2016 fere
1334 1985 1367 2016 in
1389 1985 1517 2016 modum
1540 1984 1759 2026 exponendum
1783 1994 1987 2016 censeamus.-

567 2027 633 2057 vita
655 2027 806 2065 magistra
830 2030 861 2058 et
884 2027 962 2059 duce
985 2027 1141 2066 didicisti,
1165 2027 1295 2059 divitem
1318 2031 1543 2070 potentemque
1564 2029 1606 2061 ab
1629 2028 1810 2059 hominibus
1833 2027 1907 2067 coli3
1930 2027 1985 2059 ubi

566 2081 641 2100 vero
666 2069 793 2100 divitiae
816 2071 934 2102 fractae
958 2071 1143 2110 videantur,
1171 2071 1306 2102 eundem
1328 2073 1503 2103 contemni:
1537 2072 1592 2104 sed
1615 2071 1709 2103 simul
1732 2070 1899 2112 intelligis,
1936 2081 1985 2102 me

568 2112 609 2143 ab
633 2112 690 2143 ha(-
713 2112 805 2144 huius
829 2115 943 2145 aetatis
966 2115 1124 2154 pravitate
1147 2124 1215 2146 esse
1248 2115 1510 2154 remotissimum,
1543 2116 1597 2156 qui
1619 2115 1796 2156 priscorum
1819 2118 1985 2155 poetarum

568 2156 779 2195 inu—giitatem
804 2156 922 2188 imiter:
944 2157 1037 2189 modo
1057 2157 1161 2188 audivi
1184 2161 1226 2195 te,
1250 2157 1373 2189 dulcem
1396 2169 1500 2190 meum
1516 2159 1662 2196 amicum,
1684 2157 1871 2189 Xenocratis
1882 2156 1985 2198 patris

567 2199 675 2238 optimi
700 2199 846 2230 victorias
870 2201 900 2231 in
929 2201 1027 2231 sacris
1063 2201 1290 2233 certaminibus
1312 2205 1493 2241 reportatas
1523 2202 1626 2233 denuo
1648 2201 1899 2239 celebraturum,
1935 2211 1984 2238 en,

568 2242 676 2272 adsum
701 2246 732 2273 et
755 2253 881 2274 carmen
905 2244 961 2275 tibi
987 2255 1042 2284 por
1065 2244 1269 2285 Nicasippum
1292 2245 1384 2276 mitto
1406 2245 1585 2277 victoriale:
1613 2256 1640 2276 v.
1666 2255 1709 2276 vs.
1734 2247 1784 2275 47.
1840 2243 1890 2275 Ita
1912 2253 1984 2283 pro-

568 2284 650 2315 malit
675 2286 829 2316 svntentia
854 2291 948 2327 poeta
971 2287 1066 2325 digna
1097 2291 1128 2318 et
1151 2287 1191 2319 ad
1216 2288 1381 2328 sequentia
1411 2289 1582 2325 transitus,
1615 2298 1707 2329 quem
1742 2287 1868 2319 Ulricus
1900 2285 1983 2318 Hist.

569 2327 656 2358 l'oes.
680 2330 734 2358 (ir.
758 2328 847 2366 '1'.11,
873 2341 901 2371 p.
915 2333 973 2361 541
999 2330 1202 2362 durissimum
1226 2341 1296 2362 esse
1318 2331 1496 2370 existimat,
1520 2331 1687 2363 facillimus
1709 2333 1843 2371 paratur
1871 2329 1983 2361 Pinda-

569 2371 658 2411 rique
680 2372 741 2402 arti
763 2374 1118 2405 accommodatissimus:
1144 2385 1170 2405 v.
1195 2374 1284 2405 Nem.
1308 2374 1360 2413 IX,
1382 2376 1432 2405 28.
1489 2375 1537 2406 Ad
1558 2374 1641 2406 hanc
1661 2374 1722 2406 loci
1743 2373 1983 2414 explicationem
